@book{ESL,
	title	= {The elements of statistical learning : data mining, inference, and prediction},
	series	= {Springer series in statistics},
	author	= {Hastie Trevor and Tibshirani, Robert and Friedman, Jerome},
	publisher	= {Springer New York Inc.},
	year	= {2001},
	ISBN	= {0-387-95284-5}
}


